@article{brock2018large,
  title={Large scale GAN training for high fidelity natural image synthesis},
  author={Brock, Andrew and Donahue, Jeff and Simonyan, Karen},
  journal={arXiv preprint arXiv:1809.11096},
  year={2018}
}

@inproceedings{karras2019style,
  title={A style-based generator architecture for generative adversarial networks},
  author={Karras, Tero and Laine, Samuli and Aila, Timo},
  booktitle={Proceedings of the IEEE/CVF conference on computer vision and pattern recognition},
  pages={4401--4410},
  year={2019}
}

@article{ho2022imagen,
  title={Imagen video: High definition video generation with diffusion models},
  author={Ho, Jonathan and Chan, William and Saharia, Chitwan and Whang, Jay and Gao, Ruiqi and Gritsenko, Alexey and Kingma, Diederik P and Poole, Ben and Norouzi, Mohammad and Fleet, David J and others},
  journal={arXiv preprint arXiv:2210.02303},
  year={2022}
}

@article{he2022latent,
  title={Latent video diffusion models for high-fidelity video generation with arbitrary lengths},
  author={He, Yingqing and Yang, Tianyu and Zhang, Yong and Shan, Ying and Chen, Qifeng},
  journal={arXiv preprint arXiv:2211.13221},
  year={2022}
}

@inproceedings{blattmann2023align,
  title={Align your latents: High-resolution video synthesis with latent diffusion models},
  author={Blattmann, Andreas and Rombach, Robin and Ling, Huan and Dockhorn, Tim and Kim, Seung Wook and Fidler, Sanja and Kreis, Karsten},
  booktitle={Proceedings of the IEEE/CVF Conference on Computer Vision and Pattern Recognition},
  pages={22563--22575},
  year={2023}
}

@inproceedings{he2018probabilistic,
  title={Probabilistic video generation using holistic attribute control},
  author={He, Jiawei and Lehrmann, Andreas and Marino, Joseph and Mori, Greg and Sigal, Leonid},
  booktitle={Proceedings of the European Conference on Computer Vision (ECCV)},
  pages={452--467},
  year={2018}
}

@article{tian2021good,
  title={A good image generator is what you need for high-resolution video synthesis},
  author={Tian, Yu and Ren, Jian and Chai, Menglei and Olszewski, Kyle and Peng, Xi and Metaxas, Dimitris N and Tulyakov, Sergey},
  journal={arXiv preprint arXiv:2104.15069},
  year={2021}
}